2036 3833
330 295 407 344 ΙΝ
463 278 716 339 LOCA
776 277 1269 344 VETERUM.
1444 299 1553 359 135

67 486 106 521 ,‚
150 446 296 506 daeis
346 463 443 504 cur
481 443 620 500 hanc
666 441 900 501 fraudem
936 444 1227 520 (fictorum
1275 445 1552 520 Orphico-

65 563 268 618 „emm
320 543 658 617 aliorumque
707 541 994 624 versuum)
1054 545 1302 617 imputari
1341 543 1554 608 malim,

63 685 105 716 ,‚
147 660 308 717 quam
343 642 658 701 Christianis
686 685 704 713 ,
757 642 1010 718 exemplo
1058 639 1330 696 mendacis
1358 638 1547 714 Judaei

64 783 105 816 „
145 745 284 800 nitar
318 739 607 815 aliquando
648 738 1041 805 demonstrare,
1082 739 1175 810 qui
1219 737 1255 794 fi
1298 737 1548 795 homines

61 880 104 911 ‚‚
146 842 306 899 etiam
365 844 647 915 primarios
693 839 953 912 decepit,
1006 836 1134 911 quid
1181 833 1247 892 de
1292 835 1411 895 aliis
1455 839 1555 896 erit

57 979 99 1012 ‚‚
141 937 640 997 existimandum‘2”

137 1038 345 1096 Verum
396 1040 620 1096 miretur
662 1039 980 1113 quisquam,
1043 1053 1157 1108 quo
1205 1032 1386 1091 tendat
1435 1031 1549 1089 hoc

61 1137 222 1195 nobis
251 1137 567 1202 exordium,
612 1137 706 1208 qui
733 1136 798 1194 de
827 1133 965 1192 Loco
998 1132 1259 1190 Plautino
1283 1173 1299 1200 ‚
1340 1148 1456 1187 non
1487 1129 1552 1186 de

61 1231 283 1312 Justino
335 1236 602 1310 Effarty7·e
657 1250 748 1291 aut
798 1233 1073 1291 Clemente
1121 1228 1511 1289 Alexandrino
1528 1268 1548 1297 ‚

58 1333 238 1395 multo
281 1339 455 1394 minus
497 1334 566 1391 de
597 1332 906 1411 Aristobulo
946 1348 1036 1390 aut
1072 1330 1417 1387 mendacibus
1449 1326 1548 1401 Ju-

8 1484 11 1488 .
58 1432 200 1492 daeis
224 1453 430 1492 eramus
460 1434 791 1508 disputaturi.
844 1431 1033 1514 Verbp
1057 1431 1311 1489 dicemus,
1354 1426 1546 1504 Quum

59 1531 128 1589 ad
166 1532 397 1590 Litteras
442 1531 679 1591 Graecas
719 1531 954 1589 animum
987 1530 1217 1604 primum
1248 1527 1549 1604 applicare-

59 1646 180 1686 mus
204 1628 625 1702 adolescentuli,
670 1629 817 1688 felici
847 1627 968 1685 casu
994 1626 1161 1698 (narn
1188 1625 1304 1702 ejus
1329 1641 1551 1699 tempo·

58 1727 133 1783 ris
168 1726 376 1801 semper
416 1744 542 1784 cum
585 1724 870 1799 voluptate
899 1722 1131 1798 quadam
1164 1722 1553 1795 recordamur)

57 1825 114 1881 in
141 1841 327 1879 manus
357 1823 561 1881 uestras
589 1824 777 1880 incidit
815 1824 1195 1880 STOBAEUS
1228 1823 1548 1882 GROTIA-

56 1939 213 1982 Nus:
256 1920 484 1996 Atque,
527 1923 606 1978 uti
640 1936 783 1978 tanta
808 1920 1192 1978 veriffimorum
1228 1937 1549 1995 praecepto-

54 2040 175 2080 rum
217 2023 414 2095 copia‚
472 2020 724 2077 Poetices
775 2016 1062 2075 dulcedine
1112 2018 1369 2090 condita,
1434 2037 1548 2078 non

53 2134 270 2197 poterat
314 2137 428 2177 non
487 2117 836 2193 perplacere,
902 2118 974 2181 ita
1033 2113 1090 2174 &
1152 2111 1546 2196 Prolegomena

61 2220 344 2279 Grotimza
392 2216 635 2294 legentes
695 2216 796 2273 hac
855 2216 1159 2291 praesertim
1210 2215 1547 2277 delectabant

49 2318 296 2377 novitate
338 2313 648 2390 gratiffimaei,
704 2313 856 2387 quod
898 2312 1147 2373 Gentiles
1188 2332 1293 2373 tam
1324 2316 1545 2386 diserte,

58 2433 168 2476 tam
220 2415 536 2491 perspicue,
594 2413 841 2489 scripsiffe
890 2412 1150 2470 docerent
1197 2415 1354 2486 talia,
1406 2433 1548 2492 quae

56 2533 172 2573 non
204 2515 300 2572 nifi
342 2515 409 2570 ab
443 2513 789 2582 hominibus,
845 2511 1145 2588 Religione
1179 2513 1408 2575 revelata
1448 2519 1549 2575 ini-

54 2616 200 2673 tiatis
226 2656 244 2684 ,
286 2611 634 2687 exspefflmda
678 2613 1005 2672 viderentur.
1091 2612 1184 2670 De
1221 2615 1336 2686 hiS,
1378 2633 1548 2690 quum

55 2711 148 2770 ista
189 2710 299 2787 jam
347 2728 518 2769 aetate
561 2709 631 2766 ad
667 2710 1114 2768 Valckenaerium
1153 2712 1502 2770 scriberemus
1527 2754 1547 2782 ‚

57 2813 271 2868 monuit
320 2830 421 2870 nos
475 2812 571 2868 Vir
614 2810 855 2886 Magnus
908 2810 987 2867 his
1030 2812 1236 2869 verbis:
1307 2815 1346 2845 ‘⁶
1388 2811 1549 2889 Quae

61 2949 103 2981 ‚,
146 2925 401 2984 tanquam
438 2909 754 2986 Sophoclea
795 2924 862 2966 ex
897 2906 1214 2967 Christianis
1250 2909 1548 2986 Scriptori-

60 3047 104 3080 „
145 3007 247 3066 bus
292 3009 520 3070 Grotius
557 3008 716 3068 nobis
751 3005 1096 3079 adnumerat,
1150 3003 1232 3076 Εἷς
1266 3011 1379 3071 ταῖς
1421 3007 1544 3067 ἅλω,-

793 3120 795 3124 ’
859 3104 884 3176 I
927 3127 964 3190 4
1347 3150 1388 3184 ι,
1433 3103 1552 3178 39τέ
