2036 3833
452 304 528 366 34
570 278 1280 349 EXERCITATIONES
1307 277 1850 342 ACADEMICAE

453 449 671 509 animus
701 449 761 506 in
784 457 982 520 partes
1012 445 1254 505 tributus
1283 446 1421 504 duas
1437 488 1456 516 ‚
1485 460 1727 523 quarum
1757 443 1949 502 altera
2008 513 2012 517 ι

453 545 689 604 rationis
729 544 802 621 est
831 545 1119 622 particeps
1149 586 1169 613 ‚
1223 546 1413 604 altera
1450 556 1666 621 expers·
1736 542 1949 601 Cren-

452 660 674 701 Roms
720 643 916 699 dietum
948 642 1021 698 est
1067 637 1120 697 T
1114 639 1215 718 usc.
1259 641 1484 722 Quaest.
1528 641 1656 700 Lib.
1699 660 1758 700 11.
1798 640 1946 718 Cap.

453 757 550 799 ρο.
593 741 687 798 ubi
724 740 1057 797 Platonicam
1097 741 1258 821 ⁴latius
1315 741 1551 816 explicat
1594 742 1943 808 sententiam,

449 855 614 910 quam
634 838 952 896 indicaverat
969 835 1096 895 Lib.
1111 857 1147 896 1.
1164 840 1302 914 Cap.
1325 860 1415 896 20.
1458 836 1605 914 Ejus
1620 836 1797 895 douor
1813 836 1949 894 Pla-

449 949 501 992 to
531 935 807 1010 triplicem
826 935 1008 1013 finxit
1038 939 1321 1007 animum,
1348 939 1504 1010 cujus
1521 936 1911 1011 principatum
1928 975 1950 1004 ‚

448 1032 635 1113 idest,
679 1036 949 1094 rationem
969 1037 1029 1095 in
1058 1036 1270 1112 capite,
1292 1036 1438 1114 sicut
1463 1038 1702 1100 marce,
1748 1033 1946 1112 posuit.

448 1135 530 1192 Et
543 1135 681 1192 duas
689 1145 887 1209 partes
900 1135 952 1192 ei
955 1146 1169 1209 parere
1194 1137 1392 1204 voluit,
1426 1136 1575 1194 iram
1595 1134 1667 1201 &²
1680 1136 1955 1213 cupidita·

452 1248 561 1290 tem
577 1275 594 1301 ,
615 1250 753 1308 quas
778 1231 904 1289 locis
918 1230 1038 1308 suis
1051 1276 1066 1301 2
1084 1235 1233 1293 iram
1248 1237 1306 1294 in
1324 1236 1543 1311 peciore
1561 1278 1576 1304 ,
1591 1234 1951 1311 cupiditatem

436 1329 633 1411 subter
655 1331 995 1407 praecordia
1008 1332 1227 1390 locavit.
1271 1334 1423 1393 Haec
1440 1334 1682 1391 Platonis
1706 1332 1952 1391 Philoso-

448 1432 577 1506 phia
591 1430 657 1486 de
673 1431 879 1504 duplici
896 1434 1056 1488 animi
1071 1449 1240 1507 parte,
1259 1450 1484 1507 quarum
1504 1432 1761 1506 priorem,
1782 1425 1839 1485 τὲ
1865 1444 1954 1486 λο-

450 1528 591 1602 ymc‘v
618 1535 777 1603 μέρος,
797 1532 851 1586 in
869 1531 1093 1587 cerebro
1110 1573 1127 1598 ‚
1147 1530 1297 1587 velut
1317 1532 1368 1587 in
1389 1549 1508 1588 arce
1524 1531 1756 1587 fabricae
1769 1527 1956 1584 huma-

448 1643 550 1684 nae
564 1669 580 1696 ,
598 1625 773 1683 sedem
792 1627 934 1683 suam
951 1629 1147 1685 habere
1162 1630 1483 1703 opinabatur
1498 1646 1517 1696 τ,
1534 1627 1698 1683 altera
1711 1667 1729 1695 ‚
1749 1623 1805 1685 τὲ
1827 1624 1953 1683 αἴλο-

445 1747 530 1793 φον
559 1732 736 1800 μέρος,
763 1726 1005 1784 obnoxia
1033 1723 1266 1785 sensibus
1295 1728 1546 1801 corporis
1577 1724 1634 1785 &
1660 1726 1822 1803 hujus
1840 1727 1957 1786 vel-

447 1827 528 1884 uti
571 1823 805 1882 vinculis
839 1823 1147 1899 implicata,
1205 1828 1262 1884 in
1296 1827 1427 1883 duas
1453 1828 1646 1884 iterum
1673 1830 1957 1902 portiones

449 1926 818 1992 tribuebatur,
878 1919 942 1978 vc>
971 1921 1192 1997 θυμικόν
1238 1924 1293 1984 δι’
1340 1920 1396 1980 τδ
1423 1924 1832 1998 ἑπιθυμητικέν,
1888 1955 1959 1968 -·

447 2024 507 2084 τε
537 2021 757 2090 &omniu
805 2021 859 2078 in
904 2021 1070 2078 corde
1103 2025 1398 2097 praecipue
1428 2025 1793 2095 collocatum,
1838 2043 1954 2100 quo

448 2126 627 2183 anima
664 2122 903 2180 irascitur
941 2117 999 2178 &
1030 2121 1487 2192 excandescit3—--
1514 2118 1571 2178 τὸ
1609 2121 1957 2204 ἐπιθυμηἾιιςὲν
2014 2185 2021 2194 ,

448 2226 539 2283 seu
582 2240 699 2279 eam
734 2235 974 2296 partem,
1037 2236 1176 2293 quae
1208 2221 1546 2294 concupiscit
1575 2222 1630 2282 ὃς
1660 2225 1812 2280 variis
1849 2223 1958 2280 fer-

449 2341 538 2382 tur
568 2321 872 2389 defideriis,
932 2334 1205 2392 quamque
1244 2317 1298 2373 in
1331 2316 1521 2392 jecore
1550 2319 1657 2375 vim
1685 2320 1826 2379 suam
1854 2340 1956 2397 po·

448 2425 705 2482 tiffimum
746 2435 999 2478 exercere
1027 2415 1254 2473 Veteres
1296 2414 1617 2487 credebant3
1661 2451 1736 2461 -
1778 2420 1953 2490 haec,

448 2525 666 2595 inquam
683 2561 701 2589 ‚
731 2517 974 2575 Platonis
992 2514 1346 2590 Philosophia
1365 2558 1383 2585 ‚
1411 2537 1571 2593 quam
1592 2518 1684 2577 ille
1701 2562 1719 2590 ‚
1740 2533 1800 2575 ut
1827 2518 1956 2592 plu-

448 2641 506 2680 ra
523 2619 658 2689 alia,
686 2635 755 2678 ex
782 2612 1122 2694 Pythagorae
1141 2615 1417 2691 disciplina
1444 2633 1534 2698 aut
1550 2616 1957 2695 Aegyptiorum

447 2722 605 2777 etiam
632 2717 844 2794 placitis
876 2716 1092 2775 haufiffe
1123 2718 1365 2788 videtur,
1408 2733 1510 2772 nos
1543 2716 1761 2789 quidem
1799 2734 1949 2775 nunc

449 2837 562 2876 non
601 2817 908 2875 detinebit:
965 2817 1109 2893 {alias
1152 2817 1296 2876 forte
1339 2818 1404 2876 de
1444 2818 1535 2877 illa
1575 2815 1765 2894 agendi
1803 2813 1964 2874 locus

452 2918 592 2987 erit,
660 2936 788 2974 cum
838 2916 1128 2974 nonnullas
1182 2934 1457 2993 praeterea
1497 2935 1565 2975 ex
1602 2916 1713 2976 hoc
1763 2914 1961 2973 eodem

449 3015 603 3076 fonte
643 3014 902 3075 derivatas
939 3015 1026 3074 vel
1069 3017 1477 3077 emendationes
1527 3015 1614 3076 vel
1673 3014 1959 3092 conjectu·

1869 3131 1956 3172 ras
