2036 3833
422 321 504 366 in
561 303 822 365 LOCA
876 306 1378 368 VETERUM.
1538 309 1650 388 169

161 466 295 544 illo,
335 485 448 545 quo
490 466 752 542 Trajanus
794 469 972 526 amico
1016 465 1071 527 &
1097 467 1341 527 familiari
1369 472 1650 545 utebatur,

157 573 364 646 quique
404 566 518 642 ipse
556 566 772 624 forsitan
813 587 925 627 non
956 568 1092 625 infra
1121 569 1262 642 spem
1293 586 1402 626 erat
1432 571 1656 648 Imperii

157 665 445 744 potiundi,
504 665 807 723 dummodo
857 669 1051 743 scripta
1095 669 1428 741 accipiantur
1463 670 1528 726 de
1559 672 1658 741 iis,

156 787 299 842 quae
341 785 370 822 a
412 765 621 823 summo
664 765 974 839 Imperante
1011 784 1199 824 recens
1231 768 1663 841 constituuntur,

133 885 270 925 ,finon
316 865 381 922 de
417 863 522 920 illis
561 881 701 937 quae
741 863 876 921 olim
905 863 1194 923 constituta
1220 865 1338 922 sunt
1376 883 1465 923 aut
1494 887 1525 924 a
1551 886 1666 926 ma-

156 969 370 1044 joribus
413 962 629 1021 tradita:
673 964 928 1038 Namque
971 963 1188 1040 Legum
1221 963 1416 1023 catzffis
1448 985 1658 1045 cogno-

158 1067 341 1135 scere,
383 1081 547 1139 atque
591 1081 658 1121 ex
699 1064 884 1122 cauffis
916 1065 980 1121 de
1021 1064 1277 1123 sententizi
1304 1063 1361 1124 ἅ
1403 1067 1456 1123 vi
1492 1066 1664 1142 Legis

158 1166 434 1241 judicare,
476 1163 531 1220 id
574 1163 792 1221 demum
833 1161 910 1220 est
943 1153 1394 1238 jurisconsultum
1431 1162 1486 1218 'se
1512 1179 1670 1238 prae-

158 1264 328 1322 stare:
385 1264 464 1321 Et
508 1264 563 1319 in
603 1261 734 1338 Jure
774 1262 994 1336 quidem
1041 1263 1342 1333 Romarm,
1387 1262 1482 1339 qui
1516 1276 1671 1318 rece-

163 1379 377 1438 ptarum
424 1363 748 1437 opinionum
792 1361 1038 1435 Forique
1077 1360 1452 1437 disputationis
1497 1357 1666 1418 ratio-

158 1479 285 1519 nem
330 1464 385 1519 in
426 1463 539 1538 ipsti
582 1459 1004 1537 Reip.'formzi‚
1049 1458 1378 1537 Religione,
1423 1459 1668 1518 moribus

160 1562 403 1636 quaerit,
445 1579 545 1618 nae
583 1563 628 1618 is
658 1562 921 1637 reperiet,
963 1577 1080 1617 eam
1110 1558 1263 1617 reddi
1291 1558 1435 1634 poffe
1463 1561 1517 1615 in
1545 1554 1668 1632 ple-

159 1663 348 1736 risque
377 1702 396 1731 ,
463 1676 607 1734 quae
655 1663 723 1719 ab
768 1662 1002 1734 antiquis
1053 1659 1325 1717 Romanis
1375 1657 1666 1717 constituta

168 1761 319 1831 suntz,
364 1778 542 1834 neque
575 1761 851 1819 immerito
891 1758 1027 1817 istud
1065 1755 1298 1832 Jztliani
1335 1757 1665 1831 pronuncia-

163 1876 280 1917 tum
335 1858 658 1934 displicuiss'e
716 1858 884 1915 videri
943 1856 1276 1931 ‘CUJAcro
1338 1855 1463 1935 Oly:
1521 1855 1665 1934 Jur-

162 1955 326 2017 Rom.
370 1955 500 2016 Lib.
542 1972 702 2016 xviri.
749 1955 890 2030 Cap.
941 1970 1032 2029 15.
1119 1952 1269 2011 Idem
1309 1957 1364 2012 in
1398 1955 1529 2030 Jure
1559 1955 1665 2013 At-

169 2058 284 2120 tico
323 2056 537 2114 obtinet
559 2097 576 2125 ,
615 2052 768 2128 quod
803 2054 838 2109 ss
871 2054 939 2109 ab
976 2056 1039 2110 iis
1069 2051 1227 2111 altius
1258 2057 1661 2128 exquireretur,

162 2156 258 2229 qui
302 2169 415 2210 tum
454 2152 521 2211 de
558 2153 674 2210 aliis
716 2153 879 2210 rebus
919 2151 985 2209 ad
1021 2152 1507 2230 Jurisprudentiam
1535 2173 1662 2231 per-

165 2254 494 2320 tinentibuS,
539 2267 656 2308 tum
699 2252 931 2308 maxime
970 2251 1036 2308 de
1065 2252 1397 2310 vindicandis
1425 2253 1665 2311 crimini·

162 2357 266 2413 bus
305 2350 700 2429 puniendisque
740 2353 843 2409 reis
886 2351 1189 2426 disputant,
1247 2352 1393 2411 foret
1421 2351 1671 2428 aliquan-

164 2451 274 2523 do,
319 2451 471 2526 quod
516 2467 764 2509 veterum
810 2451 1036 2509 istorum
1073 2451 1416 2513 Graecorum
1459 2451 1665 2528 sapien-

167 2550 298 2606 tiam
341 2566 507 2624 atque
549 2550 930 2609 humanitatem
969 2551 1353 2608 demirarentur
1383 2593 1401 2620 ,
1458 2548 1515 2609 δε
1551 2551 1663 2609 sor-

167 2648 293 2705 dere
331 2648 427 2704 fibi
470 2665 596 2721 prae
637 2648 762 2718 ill-3,
816 2649 912 2706 nifi
954 2647 1347 2724 Imperatorum
1376 2646 1665 2707 Romano-

165 2767 285 2805 rum
334 2745 808 2816 ConstitutioneS,
873 2747 1239 2804 recentiorum
1285 2744 1472 2803 saltem
1527 2745 1664 2805 Pru·

166 2845 385 2904 dentum
412 2845 555 2919 spiffii
579 2844 856 2923 volumina
879 2846 1188 2904 faterentur.
1250 2844 1402 2925 Quid
1427 2849 1482 2904 ni
1512 2849 1659 2906 enim

158 2943 352 2999 mirum
390 2944 597 3003 accidat
639 2947 737 3016 iis,
776 2948 872 3021 qui
911 2964 1022 3004 non
1064 2945 1158 3002 nisi
1200 2943 1267 3003 de
1302 2945 1650 3025 indagandis,

167 3041 508 3116 exquirendis
534 3083 553 3114 ,
613 3043 1001 3128 convincendis
1038 3046 1177 3117 reiS,
1235 3044 1301 3103 de
1342 3046 1663 3121 quaestione
1696 3050 1698 3052 ’

495 3152 500 3156 ’
917 3143 969 3201 L
1014 3160 1048 3220 5
1572 3143 1670 3203 ha-
